%% This BibTeX bibliography file was created using BibDesk.
%% http://bibdesk.sourceforge.net/

%% Created for Joe MacInnes at 2018-12-03 00:56:13 -0500 


%% Saved with string encoding Unicode (UTF-8) 



@webpage{lesser,
	Date-Added = {2018-12-03 05:54:37 +0000},
	Date-Modified = {2018-12-03 05:54:37 +0000},
	Month = {July},
	Title = {Lesser Software: Welcome to our Website},
	Url = {http://lesser-software.com/en/flavours/frames/default.htm},
	Year = {2016},
	Bdsk-Url-1 = {http://lesser-software.com/en/flavours/frames/default.htm}}

@electronic{postcard,
	Author = {Dr. Stephane Ducasse},
	Date-Added = {2018-12-03 05:52:41 +0000},
	Date-Modified = {2018-12-03 05:53:19 +0000},
	Title = {Object-Oriented Design with Smalltalk --- a Pure Object Language and its Environment},
	Urldate = {http://scg.unibe.ch/archive/lectures/DucasseLectures/Duca00y1SmalltalkLectures.pdf}}

@webpage{dave,
	Date-Added = {2018-12-03 05:51:27 +0000},
	Date-Modified = {2018-12-03 05:52:07 +0000},
	Title = {Languages you should know},
	Url = {http://blog.daveastels.com.s3-website-us-west-2.amazonaws.com/languages.html},
	Year = {2015},
	Bdsk-Url-1 = {http://lesser-software.com/en/flavours/frames/default.htm}}

@book{bitsandpieces,
	Date-Added = {2018-12-03 05:49:44 +0000},
	Date-Modified = {2018-12-03 05:50:41 +0000},
	Editor = {Glenn Krasner},
	Publisher = {Addison-Wesley},
	Title = {Smalltalk-80: Bits of History, Words of Advice},
	Year = {1983}}

@webpage{influence,
	Date-Added = {2018-12-03 05:48:19 +0000},
	Date-Modified = {2018-12-03 05:48:59 +0000},
	Title = {Cincom: Our Influence},
	Url = {http://www.cincomsmalltalk.com/main/about-us/the-big-influence-of-smalltalk/},
	Bdsk-Url-1 = {http://lesser-software.com/en/flavours/frames/default.htm}}

@book{thebluebook,
	Author = {Adele Goldberg and Robson, D.},
	Date-Added = {2018-12-03 05:47:32 +0000},
	Date-Modified = {2018-12-03 05:47:47 +0000},
	Isbn = {9780201136883},
	Lccn = {lc88034455},
	Publisher = {Addison-Wesley},
	Series = {Addison-Wesley series in computer science},
	Title = {Smalltalk-80: The Language},
	Url = {https://books.google.com/books?id=R7ZQAAAAMAAJ},
	Year = {1989},
	Bdsk-Url-1 = {https://books.google.com/books?id=R7ZQAAAAMAAJ}}

@article{alankay,
	Author = {Alan Kay},
	Date-Added = {2018-12-03 05:44:19 +0000},
	Date-Modified = {2018-12-03 05:45:03 +0000},
	Journal = {ACM SIGPLAN Notices},
	Number = {3},
	Title = {Smalltalk History},
	Volume = {28},
	Year = {1993}}

@webpage{exept,
	Date-Added = {2018-12-03 05:41:08 +0000},
	Date-Modified = {2018-12-03 05:42:33 +0000},
	Title = {Innovative Testautomation},
	Url = {https://www.exept.de},
	Bdsk-Url-1 = {http://lesser-software.com/en/flavours/frames/default.htm}}

@webpage{ansi,
	Date-Added = {2018-12-03 05:39:05 +0000},
	Date-Modified = {2018-12-03 05:55:37 +0000},
	Title = {ANSI Smalltalk Standard},
	Url = {https://web.archive.org/web/20060216073334/http://www.smalltalk.org/versions/ANSIStandardSmalltalk.html},
	Year = {1998}}
